@Book{bernard,
author = {Deconinck, Bernard},
ALTeditor = {•},
title ={Nonlinear waves}, 
publisher = {},
year = {2010},
OPTkey = {•},
OPTvolume = {•},
OPTnumber = {•},
OPTseries = {•},
OPTaddress = {•},
OPTedition = {•},
OPTmonth = {•},
OPTnote = {•},
OPTannote = {•}
}

@Book{ablowitz,
author = {Ablowitz, Mark J.},
ALTeditor = {•},
title ={Nonlinear dispersive waves: Asymptotic analysis and solitons}, 
publisher = {Cambridge University Press},
year = {2011},
OPTkey = {•},
OPTvolume = {3},
OPTnumber = {•},
OPTseries = {•},
OPTaddress = {•},
OPTedition = {•},
OPTmonth = {•},
OPTnote = {•},
OPTannote = {•}
}

@Book{knobel,
author = {Knobel, Roger},
ALTeditor = {•},
title ={ An introduction to the mathematical theory of waves}, 
publisher = {American Mathematical Society},
year = {2000},
OPTkey = {•},
OPTvolume = {•},
OPTnumber = {•},
OPTseries = {•},
OPTaddress = {•},
OPTedition = {•},
OPTmonth = {•},
OPTnote = {•},
OPTannote = {•}
}

@Article{KV2013,
author = {Oliveras, K. and Vasan, V.},
title = {A new equation describing travelling water waves},
journal = {Journal of Fluid Mechanics},
year = {2013},
OPTkey = {•},
OPTvolume = {717},
OPTnumber = {•},
OPTpages = {514-522},
OPTmonth = {•},
OPTnote = {•},
OPTannote = {•}
}

@Article{DNO,
author = {Craig, W. and Sulem, C.},
title = {Numerical simulation of gravity waves},
journal = {Journal of Computational Physics},
year = {1993},
OPTkey = {•},
OPTvolume = {108},
OPTnumber = {•},
OPTpages = {73-79},
OPTmonth = {•},
OPTnote = {•},
OPTannote = {•}
}

@Article{AFM,
author = {Ablowitz, M.J., Fokas, A.S. and Sulem, Musslimani, Z.H.},
title = {Numerical simulation of gravity waves},
journal = {Journal of Fluid Mechanics},
year = {2006},
OPTkey = {•},
OPTvolume = {562},
OPTnumber = {•},
OPTpages = {313-343},
OPTmonth = {•},
OPTnote = {•},
OPTannote = {•}
}

@Article{PS2018,
author = {Pelloni, Beatrice and Smith, David A.},
title = {Nonlocal and Multipoint Boundary Value Problems for Linear Evolution Equations},
journal = {•},
year = {2018},
OPTkey = {•},
OPTvolume = {•},
OPTnumber = {•},
OPTpages = {•},
OPTmonth = {•},
OPTnote = {•},
OPTannote = {•}
}

@Thesis{linfan,
author = {Xiao, Linfan},
title = {ALGORITHMIC SOLUTION OF HIGH ORDER PARTIAL DIFFERENTIAL EQUATIONS IN JULIA VIA THE FOKAS TRANSFORM METHOD},
school = {Yale-NUS College},
year = {2018},
OPTkey = {•},
OPTtype = {•},
OPTaddress = {•},
OPTmonth = {•},
OPTnote = {•},
OPTannote = {•}
}


