@Book{bernard,
author = {Deconinck, Bernard},
ALTeditor = {•},
title ={Nonlinear waves}, 
publisher = {},
year = {2010},
OPTkey = {•},
OPTvolume = {•},
OPTnumber = {•},
OPTseries = {•},
OPTaddress = {•},
OPTedition = {•},
OPTmonth = {•},
OPTnote = {•},
OPTannote = {•}
}

@Book{ablowitz,
author = {Ablowitz, Mark J.},
ALTeditor = {•},
title ={Nonlinear dispersive waves: Asymptotic analysis and solitons}, 
publisher = {Cambridge University Press},
year = {2011},
OPTkey = {•},
OPTvolume = {3},
OPTnumber = {•},
OPTseries = {•},
OPTaddress = {•},
OPTedition = {•},
OPTmonth = {•},w
OPTnote = {•},
OPTannote = {•}
}

@Book{batchelor,
author = {Batchelor, George K.},
ALTeditor = {•},
title ={An introduction to fluid dynamics}, 
publisher = {Cambridge University Press},
year = {2000},
OPTkey = {•},
OPTvolume = {•},
OPTnumber = {•},
OPTseries = {•},
OPTaddress = {Cambridge},
OPTedition = {First Cambridge Mathematical Library},
OPTmonth = {•},
OPTnote = {•},
OPTannote = {•}
}

@Book{marsden,
author = {Chorin, Alexander J. and Marsden, Jerrold E.},
ALTeditor = {•},
title ={A mathematical introduction to fluid mechanics}, 
publisher = {Springer},
year = {1990},
OPTkey = {•},
OPTvolume = {•},
OPTnumber = {•},
OPTseries = {•},
OPTaddress = {•},
OPTedition = {•},
OPTmonth = {•},
OPTnote = {•},
OPTannote = {•}
}

@Article{locker,
author = {Locker, John},
title = {Self-Adjointness for Multi-point Differential Operators},
journal = {Pacific Journal of Mathematics},
year = {1973},
OPTkey = {•},
OPTvolume = {45},
OPTnumber = {•},
OPTpages = {•},
OPTmonth = {•},
OPTnote = {•},
OPTannote = {•}
}
@Article{PS2018,
author = {Pelloni, Beatrice and Smith, David A.},
title = {Nonlocal and Multipoint Boundary Value Problems for Linear Evolution Equations},
journal = {•},
year = {2018},
OPTkey = {•},
OPTvolume = {•},
OPTnumber = {•},
OPTpages = {•},
OPTmonth = {•},
OPTnote = {•},
OPTannote = {•}
}

@Thesis{linfan,
author = {Xiao, Linfan},
title = {ALGORITHMIC SOLUTION OF HIGH ORDER PARTIAL DIFFERENTIAL EQUATIONS IN JULIA VIA THE FOKAS TRANSFORM METHOD},
school = {Yale-NUS College},
year = {2018},
OPTkey = {•},
OPTtype = {•},
OPTaddress = {•},
OPTmonth = {•},
OPTnote = {•},
OPTannote = {•}
}


