@book{johnson1997modern,
  title={A modern introduction to the mathematical theory of water waves},
  author={Johnson, R.S.},
  volume={19},
  year={1997},
  publisher={Cambridge University Press}
}

@misc{oliverasNotesOneD,
  author        = {Katie Oliveras},
  title         = {Detailed Notes: A reduction of the Euler Equations to a single time dependent equation},
  month         = {August},
  year          = {2019},
  publisher={Seattle University, Seattle, WA, USA}
}

@misc{deconinckNotes,
  author        = {Bernard Deconinck},
  title         = {Lecture Notes: Nonlinear Waves},
  month         = {October},
  year          = {2010},
  publisher={University of Washington, Seattle, WA, USA}
}

@book{chorin1990mathematical,
  title={A mathematical introduction to fluid mechanics},
  author={Chorin, Alexandre Joel and Marsden, Jerrold E},
  volume={3},
  year={1990},
  publisher={Springer}
}