@article{Lopez2017,
  title={Mediation Styles and Participants’ Perception of Success in Consultative Councils: The case of Guadalajara, Mexico},
  author={L{\'o}pez Garc{\'\i}a, David},
  journal={Journal of Public Deliberation},
  volume={13},
  number={2},
  pages={10},
  year={2017}
}

@Misc{Sultan1,
author = {Aitzhan, S},
title = {Report 1},
year = {2020},
howpublished = {\url{github.com/sultanaitzhan/Capstone}},
}

@Misc{Sultan3,
author = {Aitzhan, S},
title = {Report 3},
year = {2020},
howpublished = {\url{github.com/sultanaitzhan/Capstone}},
}

@inproceedings{Kruskal1963,
  title={Asymptotology},
  author={Kruskal, M.D.},
  editor= {Drobot, S.},
  booktitle={Proceedings of the Conference on Mathematical Models in the Physical Sciences},
  pages={17-48},
  year={1963},
  publisher={Prentice-Hall},
  location  = {Englewood Cliffs, New Jersey.},
}

% Books, monographs, textbooks, etc

@Book{Lannes,
author = {Lannes, D.},
ALTeditor = {•},
title ={The water waves problem: mathematical analysis and asymptotics}, 
publisher = {American Mathematical Society},
year = {2013},
OPTkey = {•},
OPTvolume = {188},
OPTnumber = {•},
OPTseries = {•},
OPTaddress = {Providence, Rhode Island},
OPTedition = {},
OPTmonth = {•},
OPTnote = {•},
OPTannote = {•}
}

@Book{Ablowitz,
author = {Ablowitz, M. J.},
ALTeditor = {•},
title ={Nonlinear dispersive waves: asymptotic analysis and solitons}, 
publisher = {Cambridge University Press},
year = {2011},
OPTkey = {•},
OPTvolume = {3},
OPTnumber = {•},
OPTseries = {•},
OPTaddress = {•},
OPTedition = {•},
OPTmonth = {•},
OPTnote = {•},
OPTannote = {•}
}

@Book{Johnson,
author = {Johnson, R. S.},
ALTeditor = {•},
title ={A modern introduction to the mathematical theory of water waves}, 
publisher = {Cambridge University Press},
year = {1997},
OPTkey = {•},
OPTvolume = {19},
OPTnumber = {•},
OPTseries = {•},
OPTaddress = {Cambridge},
OPTedition = {},
OPTmonth = {•},
OPTnote = {•},
OPTannote = {•}
}

@Book{CK,
author = {Cohen, I. M. and Kundu, P. K.},
ALTeditor = {•},
title ={Fluid mechanics}, 
publisher = {Academic Press},
year = {2008},
OPTkey = {•},
OPTvolume = {},
OPTnumber = {•},
OPTseries = {•},
OPTaddress = {},
OPTedition = {4},
OPTmonth = {•},
OPTnote = {•},
OPTannote = {•}
}


@Book{DD,
author = {Dean, R. G. and Dalrymple, R. A.},
ALTeditor = {•},
title ={Water wave mechanics for scientists and engineers}, 
publisher = {World Scientific},
year = {1991},
OPTkey = {•},
OPTvolume = {2},
OPTnumber = {•},
OPTseries = {•},
OPTaddress = {Singapore},
OPTedition = {},
OPTmonth = {•},
OPTnote = {•},
OPTannote = {•}
}

@Book{CM,
author = {Chorin, A. J. and Marsden, J. E.},
ALTeditor = {•},
title ={A mathematical introduction to fluid mechanics}, 
publisher = {Springer-Verlag},
year = {1993},
OPTkey = {•},
OPTvolume = {4},
OPTnumber = {•},
OPTseries = {•},
OPTaddress = {London; New York},
OPTedition = {3},
OPTmonth = {•},
OPTnote = {•},
OPTannote = {•}
}

@Book{BO,
author = {Bender, C. M. and Orszag, S. A},
ALTeditor = {•},
title ={Advanced mathematical methods for scientists and engineers: asymptotic methods and perturbation theory}, 
publisher = {Springer},
year = {1999},
OPTkey = {•},
OPTvolume = {},
OPTnumber = {•},
OPTseries = {•},
OPTaddress = {New York},
OPTedition = {•},
OPTmonth = {•},
OPTnote = {•},
OPTannote = {•}
}

@Book{knobel,
author = {Knobel, Roger},
ALTeditor = {•},
title ={ An introduction to the mathematical theory of waves}, 
publisher = {American Mathematical Society},
year = {2000},
OPTkey = {•},
OPTvolume = {•},
OPTnumber = {•},
OPTseries = {•},
OPTaddress = {•},
OPTedition = {•},
OPTmonth = {•},
OPTnote = {•},
OPTannote = {•}
}

@Book{CRC,
author = {},
ALTeditor = {John R. Rumble},
title ={CRC Handbook of Chemistry and Physics}, 
publisher = {CRC Press/Taylor and Francis},
year = {2018},
OPTkey = {•},
OPTvolume = {},
OPTnumber = {•},
OPTseries = {•},
OPTaddress = {Boca Raton, Florida},
OPTedition = {99},
OPTmonth = {•},
OPTnote = {Internet Version},
OPTannote = {•}
}

% Journal Articles

@Article{G2019,
author = {Gallagher, I},
title = {From Newton to Navier-Stokes, or how to connect fluid mechanics equations from microscopic to macroscopic scales},
journal = {Bulletin of the American Mathematical Society},
publisher = {American Mathematical Society},
year = {2019},
doi = {10.1090/bull/1650},
OPTkey = {•},
OPTvolume = {56},
OPTnumber = {1},
OPTpages = {65-85},
OPTmonth = {•},
OPTnote = {•},
OPTannote = {•}
}
 
@Article{CS1993,
author = {Craig, W. and Sulem, C.},
title = {Numerical simulation of gravity waves},
journal = {Journal of Computational Physics},
publisher = {Elsevier},
year = {1993},
doi = {10.1006/jcph.1993.1164},
OPTkey = {•},
OPTvolume = {108},
OPTnumber = {•},
OPTpages = {73-83},
OPTmonth = {•},
OPTnote = {•},
OPTannote = {•}
}

@Article{C2004,
author = {Craik, D.},
title = {The origins of water wave theory},
journal = {Annual Review of Fluid Mechanics},
publisher = {Annual Reviews},
year = {2004},
doi = {10.1146/annurev.fluid.36.050802.122118},
OPTkey = {•},
OPTvolume = {36},
OPTnumber = {1},
OPTpages = {1-28},
OPTmonth = {•},
OPTnote = {•},
OPTannote = {•}
}

@Article{BO1982,
author = {Benjamin, T. B. and Olver, P. J.},
title = {Hamiltonian structure, symmetries and conservation laws for water waves},
journal = {Journal of Fluid Mechanics},
publisher = {Cambridge University Press},
year = {1982},
doi = {10.1017/S0022112082003292},
OPTkey = {•},
OPTvolume = {125},
OPTnumber = {1},
OPTpages = {137-185},
OPTmonth = {•},
OPTnote = {•},
OPTannote = {•}
}

@Article{Zakharov,
author = {Zakharov, V. E.},
title = {Stability of periodic waves of finite amplitude on the surface of a deep fluid},
journal = {Journal of Applied Mechanics and Technical Physics},
publisher = {Springer},
year = {1968},
doi = {10.1007/BF00913182},
OPTkey = {•},
OPTvolume = {9},
OPTnumber = {•},
OPTpages = {190-194},
OPTmonth = {•},
OPTnote = {•},
OPTannote = {•}
}

@Article{DKSZ1996,
author = {Dyachenko, A. I. and Kuznetsov, E. A. and Spector, M. D. and Zakharov, V. E.},
title = {Analytical description of the free surface dynamics of an ideal fluid (canonical formalism and conformal mapping)},
journal = {Physics Letters A},
publisher = {Elsevier},
year = {1996},
doi = {10.1016/0375-9601(96)00417-3},
OPTkey = {•},
OPTvolume = {221},
OPTnumber = {•},
OPTpages = {73-79},
OPTmonth = {•},
OPTnote = {•},
OPTannote = {•}
}

@Article{OV2013,
author = {Oliveras, K. and Vasan, V.},
title = {A new equation describing travelling water waves},
journal = {Journal of Fluid Mechanics},
publisher = {Cambridge University Press},
year = {2013},
doi = {10.1017/jfm.2012.591},
OPTkey = {•},
OPTvolume = {717},
OPTnumber = {•},
OPTpages = {514-522},
OPTmonth = {•},
OPTnote = {•},
OPTannote = {•}
}

@Article{AFM2006,
author = {Ablowitz, M. J. and Fokas, A.S. and Musslimani, Z.H.},
title = {On a new non-local formulation of water waves},
journal = {Journal of Fluid Mechanics},
publisher = {Cambridge University Press},
year = {2006},
DOI={10.1017/S0022112006001091},
OPTkey = {•},
OPTvolume = {562},
OPTnumber = {•},
OPTpages = {313-343},
OPTmonth = {•},
OPTnote = {•},
OPTannote = {•}
}

@Article{FM1973,
author = {Fine R. A. and Millero, F. J.},
title = {Compressibility of water as a function of temperature and pressure},
journal = {The Journal of Chemical Physics},
publisher = {Cambridge University Press},
year = {1973},
doi = {10.1063/1.1679903 },
OPTkey = {•},
OPTvolume = {59},
OPTnumber = {},
OPTpages = {514-522},
OPTmonth = {•},
OPTnote = {•},
OPTannote = {•}
}

@Article{BBM1972,
author = {Benjamin, T.B. and Bona, J. L. and Mahony, J.J.},
title = {Model equations for long waves in nonlinear dispersive systems},
journal = {Philosophical Transactions of the Royal Society of London. Series A, Mathematical and Physical Sciences},
publisher = {The Royal Society Publishing},
year = {1972},
doi = {10.1098/rsta.1972.0032},
OPTkey = {•},
OPTvolume = {272},
OPTnumber = {},
OPTpages = {47-78},
OPTmonth = {•},
OPTnote = {•},
OPTannote = {•}
}

@Article{BCLMT2011,
author = {Bonneton, P. and Chazel, F. and Lannes, D. and Marche, F. and Tissier, M.},
title = {Model equations for long waves in nonlinear dispersive systems},
journal = {Journal of Computational Physics},
publisher = {Elsevier},
year = {2011},
doi = {10.1016/j.jcp.2010.11.015},
OPTkey = {•},
OPTvolume = {230},
OPTnumber = {4},
OPTpages = {1479-1498},
OPTmonth = {•},
OPTnote = {•},
OPTannote = {•}
}
Asymptotology
% Theses
@Thesis{linfan,
author = {Xiao, Linfan},
title = {ALGORITHMIC SOLUTION OF HIGH ORDER PARTIAL DIFFERENTIAL EQUATIONS IN JULIA VIA THE FOKAS TRANSFORM METHOD},
school = {Yale-NUS College},
year = {2018},
OPTkey = {•},
OPTtype = {•},
OPTaddress = {•},
OPTmonth = {•},
OPTnote = {•},
OPTannote = {•}
}


